@book{JurafskyMartin08,
  author = {Daniel Jurafsky and James Martin},
  year = {2008},
  title = {Speech and Language Processing},
  publisher = {Prentice Hall},
  edition = {Second}
}

@article{DebiasingWordEmbeddings,
  author          = {Tolga Bolukbasi and Kai-Wei Chang and James Y. Zou and Venkatesh Saligrama and Adam T. Kalai},
  journal         = {Advances in Neural Information Processing Systems},
  title           = {Man is to Computer Programmer as Woman is to Homemaker? DebiasingWord Embeddings},
  year            = {2016}
}

@article{BiasInEmbedding,
  author          = {Nathaniel Swinger and Maria De-Arteaga and Neil Thomas Hefferman IV and Mark Leiserson and Adam Tauman Kalai},
  journal         = {In Proceedings of the 2019 AAAI/ACM Conference on AI, Ethics, and Society},
  title           = {What are the biases in my word embedding},
  year            = {2019}
}